% Encoding: UTF-8

@Book{Eckert2023,
  author    = {Eckert, Claudia},
  publisher = {De Gruyter},
  title     = {IT-Sicherheit: Konzepte – Verfahren – Protokolle},
  year      = {2023},
  isbn      = {9783110985115},
  month     = jan,
  doi       = {10.1515/9783110985115},
}

@Book{Anderson2020,
  author    = {Anderson, Ross},
  publisher = {Wiley},
  title     = {Security Engineering: A Guide to Building Dependable Distributed Systems},
  year      = {2020},
  isbn      = {9781119644682},
  month     = dec,
  doi       = {10.1002/9781119644682},
}

@InBook{Anderson2002,
  author    = {Anderson, Ross and Stajano, Frank and Lee, Jong-Hyeon},
  pages     = {185--235},
  publisher = {Elsevier},
  title     = {Security policies},
  year      = {2002},
  booktitle = {Advances in Computers},
  doi       = {10.1016/s0065-2458(01)80030-9},
  issn      = {0065-2458},
}

@TechReport{Hu2014,
  author      = {Hu, Vincent C. and Ferraiolo, David and Kuhn, Rick and Schnitzer, Adam and Sandlin, Kenneth and Miller, Robert and Scarfone, Karen},
  institution = {National Institute of Standards and Technology},
  title       = {Guide to Attribute Based Access Control (ABAC) Definition and Considerations},
  year        = {2014},
  month       = jan,
  number      = {NIST Special Publication 800-162},
  doi         = {10.6028/nist.sp.800-162},
}

@TechReport{JTF2020,
  author      = {Task Force Interagency Working Group, Joint},
  institution = {National Institute of Standards and Technology},
  title       = {Security and Privacy Controls for Information Systems and Organizations},
  year        = {2020},
  month       = sep,
  number      = {NIST Special Publication 800-53,Rev.5},
  doi         = {10.6028/nist.sp.800-53r5},
}

@Comment{jabref-meta: databaseType:bibtex;}
